%%
%% https://www.openoffice.org/bibliographic/bibtex-defs.pdf for help
%%

@inproceedings{riccobene2004improving,
   title={Improving SoC design flow by means of MDA and UML profiles},
   author={Riccobene, Elvinia and Rosti, Alberto and Scandurra, Patrizia},
   booktitle={3rd Workshop in Software Model Engineering (WiSME 2004)},
   year={2004}
}

@inbook{iso_11179_4,
Author = {ISO{~}11170-4:2004},
publisher = {ISO, Geneva, Switzerland},
Title = {Information technology — Metadata registries (MDR)},
chapter = {Part 4: Formulation of data definitions},
year = {2004},
}

@article{sinaci2013,
title = "A federated semantic metadata registry framework for enabling interoperability across clinical research and care domains",
journal = "Journal of Biomedical Informatics",
volume = "46",
number = "5",
pages = "784 - 794",
year = "2013",
issn = "1532-0464",
doi = "https://doi.org/10.1016/j.jbi.2013.05.009",
url = "http://www.sciencedirect.com/science/article/pii/S1532046413000750",
author = "A. Anil Sinaci and Gokce B. Laleci Erturkmen",
keywords = "Interoperability, Metadata Registry/Repository, ISO/IEC 11179, Semantic web, Linked Data, Common Data Elements",
abstract = "In order to enable secondary use of Electronic Health Records (EHRs) by bridging the interoperability gap between clinical care and research domains, in this paper, a unified methodology and the supporting framework is introduced which brings together the power of metadata registries (MDR) and semantic web technologies. We introduce a federated semantic metadata registry framework by extending the ISO/IEC 11179 standard, and enable integration of data element registries through Linked Open Data (LOD) principles where each Common Data Element (CDE) can be uniquely referenced, queried and processed to enable the syntactic and semantic interoperability. Each CDE and their components are maintained as LOD resources enabling semantic links with other CDEs, terminology systems and with implementation dependent content models; hence facilitating semantic search, much effective reuse and semantic interoperability across different application domains. There are several important efforts addressing the semantic interoperability in healthcare domain such as IHE DEX profile proposal, CDISC SHARE and CDISC2RDF. Our architecture complements these by providing a framework to interlink existing data element registries and repositories for multiplying their potential for semantic interoperability to a greater extent. Open source implementation of the federated semantic MDR framework presented in this paper is the core of the semantic interoperability layer of the SALUS project which enables the execution of the post marketing safety analysis studies on top of existing EHR systems."
}

@Inbook{Pon2009,
author="Pon, Raymond K.
and Buttler, David J.",
editor="LIU, LING
and {\"O}ZSU, M. TAMER",
title="Metadata Registry, ISO/IEC 11179",
bookTitle="Encyclopedia of Database Systems",
year="2009",
publisher="Springer US",
address="Boston, MA",
pages="1724--1727",
isbn="978-0-387-39940-9",
doi="10.1007/978-0-387-39940-9_907",
url="https://doi.org/10.1007/978-0-387-39940-9_907"
}

@ARTICLE{almasri2007,
author={E. {Al-Masri} and Q. H. {Mahmoud}},
journal={IEEE Internet Computing},
title={Interoperability among Service Registry Standards},
year={2007},
volume={11},
number={3},
pages={74-77},
keywords={business data processing;formal specification;open systems;software architecture;standards;Web services;XML;interoperability;service registry standards;Web service architectures;dynamic business-to-business interactions;provisional specifications;UDDI;ebXML;Web services;Standards organizations;XML;Collaboration;IEC standards;ISO standards;Publishing;Code standards;Contracts;Joining processes;service-registry standards;interoperability;business-to-business interactions},
doi={10.1109/MIC.2007.66},
ISSN={},
month={May},}

@Article{pascoe2019,
AUTHOR = {Pascoe, C. and Lawrence, B. N. and Guilyardi, E. and Juckes, M. and Taylor, K. E.},
TITLE = {Designing and Documenting Experiments in CMIP6},
JOURNAL = {Geoscientific Model Development Discussions},
VOLUME = {2019},
YEAR = {2019},
PAGES = {1--27},
URL = {https://www.geosci-model-dev-discuss.net/gmd-2019-98/},
DOI = {10.5194/gmd-2019-98}
}

@book{ar5wg1,
   author = {IPCC},
   title = {Climate Change 2013: The Physical Science Basis. Contribution of Working Group I to the Fifth Assessment Report of the Intergovernmental Panel on Climate Change},
   publisher = {Cambridge University Press},
   address = {Cambridge, United Kingdom and New York, NY, USA},
   pages = {1535},
   ISBN = {ISBN 978-1-107-66182-0},
   DOI = {10.1017/CBO9781107415324},
   url = {www.climatechange2013.org},
   year = {2013},
   type = {Book}
}


@Article{hassell2017,
AUTHOR = {Hassell, D. and Gregory, J. and Blower, J. and Lawrence, B. N. and Taylor, K. E.},
TITLE = {A data model of the Climate and Forecast metadata
conventions (CF-1.6) with a software implementation (cf-python v2.1)},
JOURNAL = {Geoscientific Model Development},
VOLUME = {10},
YEAR = {2017},
NUMBER = {12},
PAGES = {4619--4646},
URL = {https://www.geosci-model-dev.net/10/4619/2017/},
DOI = {10.5194/gmd-10-4619-2017}
}

@Inbook{hayhoe2017,
author={Hayhoe, K.
and Edmonds, J.
and Kopp, R.E.
and LeGrande, A.N.
and Sanderson, B.M.
and Wehner, M.F.
and Wuebbles, D.J.},
chapter={Climate models, scenarios, and projections},
title={Climate Science Special Report: Fourth National Climate Assessment, Volume I},
year={2017},
publisher={U.S. Global Change Research Program},
address={Washington, DC, USA},
pages={133-160}
}

@article{rockstrom2016,
author = {Rockström, Johan and Schellnhuber, Hans Joachim and Hoskins, Brian and Ramanathan, Veerabhadran and Schlosser, Peter and Brasseur, Guy Pierre and Gaffney, Owen and Nobre, Carlos and Meinshausen, Malte and Rogelj, Joeri and Lucht, Wolfgang},
title = {The world's biggest gamble},
journal = {Earth's Future},
volume = {4},
number = {10},
pages = {465-470},
keywords = {climate change, decarbonisation, Paris Agreement, carbon roadmap, carbon budget, Earth system},
doi = {10.1002/2016EF000392},
url = {https://agupubs.onlinelibrary.wiley.com/doi/abs/10.1002/2016EF000392},
eprint = {https://agupubs.onlinelibrary.wiley.com/doi/pdf/10.1002/2016EF000392},
year = {2016},
abstract = {Abstract The scale of the decarbonisation challenge to meet the Paris Agreement is underplayed in the public arena. It will require precipitous emissions reductions within 40 years and a new carbon sink on the scale of the ocean sink. Even then, the world is extremely likely to overshoot. A catastrophic failure of policy, for example, waiting another decade for transformative policy and full commitments to fossil-free economies, will have irreversible and deleterious repercussions for humanity's remaining time on Earth. Only a global zero carbon roadmap will put the world on a course to phase-out greenhouse gas emissions and create the essential carbon sinks for Earth-system stability, without which, world prosperity is not possible.}
}


@article{ruosteenoja2017,
author = {Ruosteenoja, Kimmo and Jylhä, Kirsti and Räisänen, Jouni and Mäkelä, Antti},
title = {Surface air relative humidities spuriously exceeding 100\% in CMIP5 model output and their impact on future projections},
journal = {Journal of Geophysical Research: Atmospheres},
volume = {122},
number = {18},
pages = {9557-9568},
keywords = {climate change, supersaturation, global climate models, model evaluation, polar areas, spurious humidity change},
doi = {10.1002/2017JD026909},
url = {https://agupubs.onlinelibrary.wiley.com/doi/abs/10.1002/2017JD026909},
eprint = {https://agupubs.onlinelibrary.wiley.com/doi/pdf/10.1002/2017JD026909},
abstract = {Abstract In 17 out of the 29 Phase 5 of Coupled Model Intercomparison Project (CMIP5) climate models examined in this work, near-surface air relative humidity (RH) frequently exceeded 100\% with respect to ice in polar areas in winter. The degree of supersaturation varied considerably across the models, and the same evidently applies to the causes of the phenomenon. Consultations with the modeling groups revealed three categories of explanations for supersaturation occurrence: specification of RH with respect to ice rather than liquid water; inconsistencies in the determination of specific humidity and air temperature for the near-surface level; and the nonlinearity of saturated specific humidity as a function of temperature. Modeled global warming tended to reduce the artificial supersaturations, inducing a spurious negative trend in the future RH change. For example, over East Antarctica under Representative Concentration Pathway 8.5, the multimodel mean RH would decrease by about 10\% by the end of the ongoing century. Truncation of overly high RHs to a maximum value of 100\% cut the RH response close to zero. In Siberia and northern North America, truncation even reversed the sign of the response. The institutes responsible for the CMIP6 model experiments should be aware of the supersaturation issue, and the algorithms used to produce near-surface RH should be developed to eliminate the problem before publishing the RH output data.},
year = {2017}
}

@TECHREPORT{cmor3,
  Author = {Nadeau, D. and Doutriaux, C. and Taylor, K.E.},
TITLE = {Climate Model Output Rewriter (CMOR version 3.3)},
VERSION = {3.3},
INSTITUTION = {Lawrence Livermore National Laboratory},
MONTH = {3},
YEAR = {2018},
URL = {https://cmor.llnl.gov/pdf/mydoc.pdf},
PAGES = {95}
}

@misc{wipCmip6,
  Author = {{WGCM Infrastructure Panel}},
  Title = {CMIP6 Position Papers},
  url = {https://www.earthsystemcog.org/projects/wip/position_papers},
  year = {2019}
}

@misc{isccp,
  Author = {{WCRP}},
  Title = {International Satellite Cloud Climatology Project},
  Note = {World Climate Research Programme},
  Howpublished = {\url{https://isccp.giss.nasa.gov/describe/overview.html}},
  Year = {1982}
}

@manual{si2014,
  Author= {{Bureau International des Poids et Mesures (BIPM)}},
  Note = {\url{https://www.bipm.org/en/publications/si-brochure/download.html}},
  Title = {{International System of Units (SI) brochure}},
  Edition = {8th},
  Year = {2014}}

@TECHREPORT{cmor2006,
AUTHOR = {Taylor, K.E. and Doutriaux, C. and Peterschmitt, J.-Y.},
TITLE = {Climate Model Output Rewriter (CMOR)},
INSTITUTION = {Lawrence Livermore National Laboratory},
MONTH = {7},
YEAR = {2016},
URL = {https://pcmdi.llnl.gov/software/cmor/cmor_users_guide.pdf},
PAGES = {30}
}

@TECHREPORT{juckes2019drqrev,
  title={Data Request Review 2018: Summary of Outcomes},
  DOI={10.5281/zenodo.2548757},
  abstractNote={<p>Summary of outcomes of a meeting held in Reading on June 21st, 2018, discussingthe status and future of the CMIP6 Data Request.</p>},
  institution={Zenodo},
  author={Juckes, Martin},
  year={2019},
  month={Jan}}

@TECHREPORT{juckes2019drqrevxx,
AUTHOR = {Juckes, M.N.},
TITLE = {Data Request Review 2018: Summary of Outcomes},
INSTITUTION = {Science and Technologies Facilities Council},
MONTH = {01},
YEAR = {2019},
URL = {https://zenodo.org/record/2548757},
PAGES = {2}
}

@TECHREPORT{juckes2018ml,
AUTHOR = {Juckes, M.N.},
TITLE = {Data Request XML format},
INSTITUTION = {Science and Technologies Facilities Council},
MONTH = {11},
YEAR = {2018},
NOTE = {Version 01.00.29},
URL = {https://zenodo.org/record/2452799},
PAGES = {25}
}

@TECHREPORT{juckes2018sty,
AUTHOR = {Juckes, M.N.},
TITLE = {Style Guide for Variable Titles in CMIP6},
INSTITUTION = {Science and Technologies Facilities Council},
MONTH = {11},
YEAR = {2018},
NOTE = {Version 01.00.29},
URL = {https://zenodo.org/record/2480853},
PAGES = {25}
}


@Article{gmd-10-2057-2017,
AUTHOR = {Meinshausen, M. and Vogel, E. and Nauels, A. and Lorbacher, K. and Meinshausen, N. and Etheridge, D. M. and Fraser, P. J. and Montzka, S. A. and Rayner, P. J. and Trudinger, C. M. and Krummel, P. B. and Beyerle, U. and Canadell, J. G. and Daniel, J. S. and Enting, I. G. and Law, R. M. and Lunder, C. R. and O'Doherty, S. and Prinn, R. G. and Reimann, S. and Rubino, M. and Velders, G. J. M. and Vollmer, M. K. and Wang, R. H. J. and Weiss, R.},
TITLE = {Historical greenhouse gas concentrations for climate modelling (CMIP6)},
JOURNAL = {Geoscientific Model Development},
VOLUME = {10},
YEAR = {2017},
NUMBER = {5},
PAGES = {2057--2116},
URL = {https://www.geosci-model-dev.net/10/2057/2017/},
DOI = {10.5194/gmd-10-2057-2017}
}

@Article{gmd-10-2247-2017,
AUTHOR = {Matthes, K. and Funke, B. and Andersson, M. E. and Barnard, L. and Beer, J. and Charbonneau, P. and Clilverd, M. A. and Dudok de Wit, T. and Haberreiter, M. and Hendry, A. and Jackman, C. H. and Kretzschmar, M. and Kruschke, T. and Kunze, M. and Langematz, U. and Marsh, D. R. and Maycock, A. C. and Misios, S. and Rodger, C. J. and Scaife, A. A. and Sepp\"al\"a, A. and Shangguan, M. and Sinnhuber, M. and Tourpali, K. and Usoskin, I. and van de Kamp, M. and Verronen, P. T. and Versick, S.},
TITLE = {Solar forcing for CMIP6 (v3.2)},
JOURNAL = {Geoscientific Model Development},
VOLUME = {10},
YEAR = {2017},
NUMBER = {6},
PAGES = {2247--2302},
URL = {https://www.geosci-model-dev.net/10/2247/2017/},
DOI = {10.5194/gmd-10-2247-2017}
}

@Article{gmd-10-3329-2017,
AUTHOR = {van Marle, M. J. E. and Kloster, S. and Magi, B. I. and Marlon, J. R. and Daniau, A.-L. and Field, R. D. and Arneth, A. and Forrest, M. and Hantson, S. and Kehrwald, N. M. and Knorr, W. and Lasslop, G. and Li, F. and Mangeon, S. and Yue, C. and Kaiser, J. W. and van der Werf, G. R.},
TITLE = {Historic global biomass burning emissions for CMIP6 (BB4CMIP) based on merging satellite observations with
proxies and fire models (1750--2015)},
JOURNAL = {Geoscientific Model Development},
VOLUME = {10},
YEAR = {2017},
NUMBER = {9},
PAGES = {3329--3357},
URL = {https://www.geosci-model-dev.net/10/3329/2017/},
DOI = {10.5194/gmd-10-3329-2017}
}

---CFMIP
@Article{Webb2017, 
AUTHOR = {Webb, M. J. and Andrews, T. and Bodas-Salcedo, A. and Bony, S. and Bretherton, C. S. and Chadwick, R. and Chepfer, H. and Douville, H. and Good, P. and Kay, J. E. and Klein, S. A. and Marchand, R. and Medeiros, B. and Siebesma, A. P. and Skinner, C. B. and Stevens, B. and Tselioudis, G. and Tsushima, Y. and Watanabe, M.},
TITLE = {The Cloud Feedback Model Intercomparison Project (CFMIP) contribution to
CMIP6},
JOURNAL = {Geoscientific Model Development},
VOLUME = {10},
YEAR = {2017},
NUMBER = {1},
PAGES = {359--384},
URL = {https://www.geosci-model-dev.net/10/359/2017/},
DOI = {10.5194/gmd-10-359-2017}
}

@Article{Stevens2017,
AUTHOR = {Stevens, B. and Fiedler, S. and Kinne, S. and Peters, K. and Rast, S. and M\"usse, J. and Smith, S. J. and Mauritsen, T.},
TITLE = {MACv2-SP: a parameterization of anthropogenic aerosol optical properties and an associated Twomey effect for use in CMIP6},
JOURNAL = {Geoscientific Model Development},
VOLUME = {10},
YEAR = {2017},
NUMBER = {1},
PAGES = {433--452},
URL = {https://www.geosci-model-dev.net/10/433/2017/},
DOI = {10.5194/gmd-10-433-2017}
}

@Article{gmd-10-4405-2017,
AUTHOR = {Graven, H. and Allison, C. E. and Etheridge, D. M. and Hammer, S. and Keeling, R. F. and Levin, I. and Meijer, H. A. J. and Rubino, M. and Tans, P. P. and Trudinger, C. M. and Vaughn, B. H. and White, J. W. C.},
TITLE = {Compiled records of carbon isotopes in atmospheric CO$_{2}$ for historical
simulations in CMIP6},
JOURNAL = {Geoscientific Model Development},
VOLUME = {10},
YEAR = {2017},
NUMBER = {12},
PAGES = {4405--4417},
URL = {https://www.geosci-model-dev.net/10/4405/2017/},
DOI = {10.5194/gmd-10-4405-2017}
}

---AerChemMIP
@Article{collins2017,
AUTHOR = {Collins, W. J. and Lamarque, J.-F. and Schulz, M. and Boucher, O. and Eyring, V. and Hegglin, M. I. and Maycock, A. and Myhre, G. and Prather, M. and Shindell, D. and Smith, S. J.},
TITLE = {AerChemMIP: quantifying the effects of chemistry and aerosols in CMIP6},
JOURNAL = {Geoscientific Model Development},
VOLUME = {10},
YEAR = {2017},
NUMBER = {2},
PAGES = {585--607},
URL = {https://www.geosci-model-dev.net/10/585/2017/},
DOI = {10.5194/gmd-10-585-2017}
}

---PMIP
@Article{Kageyama2018,
AUTHOR = {Kageyama, M. and Braconnot, P. and Harrison, S. P. and Haywood, A. M. and Jungclaus, J. H. and Otto-Bliesner, B. L. and Peterschmitt, J.-Y. and Abe-Ouchi, A. and Albani, S. and Bartlein, P. J. and Brierley, C. and Crucifix, M. and Dolan, A. and Fernandez-Donado, L. and Fischer, H. and Hopcroft, P. O. and Ivanovic, R. F. and Lambert, F. and Lunt, D. J. and Mahowald, N. M. and Peltier, W. R. and Phipps, S. J. and Roche, D. M. and Schmidt, G. A. and Tarasov, L. and Valdes, P. J. and Zhang, Q. and Zhou, T.},
TITLE = {The PMIP4 contribution to CMIP6 -- Part 1: Overview and over-arching
analysis plan},
JOURNAL = {Geoscientific Model Development},
VOLUME = {11},
YEAR = {2018},
NUMBER = {3},
PAGES = {1033--1057},
URL = {https://www.geosci-model-dev.net/11/1033/2018/},
DOI = {10.5194/gmd-11-1033-2018}
}

@Article{gmd-11-369-2018,
AUTHOR = {Hoesly, R. M. and Smith, S. J. and Feng, L. and Klimont, Z. and Janssens-Maenhout, G. and Pitkanen, T. and Seibert, J. J. and Vu, L. and Andres, R. J. and Bolt, R. M. and Bond, T. C. and Dawidowski, L. and Kholod, N. and Kurokawa, J.-I. and Li, M. and Liu, L. and Lu, Z. and Moura, M. C. P. and O'Rourke, P. R. and Zhang, Q.},
TITLE = {Historical (1750--2014) anthropogenic emissions of reactive gases and aerosols from the Community Emissions Data System (CEDS)},
JOURNAL = {Geoscientific Model Development},
VOLUME = {11},
YEAR = {2018},
NUMBER = {1},
PAGES = {369--408},
URL = {https://www.geosci-model-dev.net/11/369/2018/},
DOI = {10.5194/gmd-11-369-2018}
}

---PAMIP
@Article{Smith2018,
AUTHOR = {Smith, D. M. and Screen, J. A. and Deser, C. and Cohen, J. and Fyfe, J. C. and Garc\'{\i}a-Serrano, J. and Jung, T. and Kattsov, V. and Matei, D. and Msadek, R. and Peings, Y. and Sigmond, M. and Ukita, J. and Yoon, J.-H. and Zhang, X.},
TITLE = {The Polar Amplification Model Intercomparison Project (PAMIP)
contribution to CMIP6: investigating the causes and consequences of
polar amplification},
JOURNAL = {Geoscientific Model Development Discussions},
VOLUME = {2018},
YEAR = {2018},
PAGES = {1--42},
URL = {https://www.geosci-model-dev-discuss.net/gmd-2018-82/},
DOI = {10.5194/gmd-2018-82}
}

---GeoMIP
@Article{Kravitz2015,
AUTHOR = {Kravitz, B. and Robock, A. and Tilmes, S. and Boucher, O. and English, J. M. and Irvine, P. J. and Jones, A. and Lawrence, M. G. and MacCracken, M. and Muri, H. and Moore, J. C. and Niemeier, U. and Phipps, S. J. and Sillmann, J. and Storelvmo, T. and Wang, H. and Watanabe, S.},
TITLE = {The Geoengineering Model Intercomparison Project Phase 6 (GeoMIP6): simulation design and preliminary results},
JOURNAL = {Geoscientific Model Development},
VOLUME = {8},
YEAR = {2015},
NUMBER = {10},
PAGES = {3379--3392},
URL = {https://www.geosci-model-dev.net/8/3379/2015/},
DOI = {10.5194/gmd-8-3379-2015}
}

---VolMIP
@Article{Zanchettin2016,
AUTHOR = {Zanchettin, D. and Khodri, M. and Timmreck, C. and Toohey, M. and Schmidt, A. and Gerber, E. P. and Hegerl, G. and Robock, A. and Pausata, F. S. R. and Ball, W. T. and Bauer, S. E. and Bekki, S. and Dhomse, S. S. and LeGrande, A. N. and Mann, G. W. and Marshall, L. and Mills, M. and Marchand, M. and Niemeier, U. and Poulain, V. and Rozanov, E. and Rubino, A. and Stenke, A. and Tsigaridis, K. and Tummon, F.},
TITLE = {The Model Intercomparison Project on the climatic response to
Volcanic forcing (VolMIP): experimental design and forcing \hack{\newline}
input data for CMIP6},
JOURNAL = {Geoscientific Model Development},
VOLUME = {9},
YEAR = {2016},
NUMBER = {8},
PAGES = {2701--2719},
URL = {https://www.geosci-model-dev.net/9/2701/2016/},
DOI = {10.5194/gmd-9-2701-2016}
}

---LS3MIP
@Article{Hurk2016,
AUTHOR = {van den Hurk, B. and Kim, H. and Krinner, G. and Seneviratne, S. I. and Derksen, C. and Oki, T. and Douville, H. and Colin, J. and Ducharne, A. and Cheruy, F. and Viovy, N. and Puma, M. J. and Wada, Y. and Li, W. and Jia, B. and Alessandri, A. and Lawrence, D. M. and Weedon, G. P. and Ellis, R. and Hagemann, S. and Mao, J. and Flanner, M. G. and Zampieri, M. and Materia, S. and Law, R. M. and Sheffield, J.},
TITLE = {LS3MIP (v1.0) contribution to CMIP6: the Land Surface, Snow and Soil
moisture Model Intercomparison Project -- aims, setup and expected outcome},
JOURNAL = {Geoscientific Model Development},
VOLUME = {9},
YEAR = {2016},
NUMBER = {8},
PAGES = {2809--2832},
URL = {https://www.geosci-model-dev.net/9/2809/2016/},
DOI = {10.5194/gmd-9-2809-2016}
}

---C4MIP
@Article{Jones2016,
AUTHOR = {Jones, C. D. and Arora, V. and Friedlingstein, P. and Bopp, L. and Brovkin, V. and Dunne, J. and Graven, H. and Hoffman, F. and Ilyina, T. and John, J. G. and Jung, M. and Kawamiya, M. and Koven, C. and Pongratz, J. and Raddatz, T. and Randerson, J. T. and Zaehle, S.},
TITLE = {C4MIP -- The Coupled Climate--Carbon Cycle Model Intercomparison Project:
experimental protocol for CMIP6},
JOURNAL = {Geoscientific Model Development},
VOLUME = {9},
YEAR = {2016},
NUMBER = {8},
PAGES = {2853--2880},
URL = {https://www.geosci-model-dev.net/9/2853/2016/},
DOI = {10.5194/gmd-9-2853-2016}
}

---LUMIP
@Article{Lawrence2016,
AUTHOR = {Lawrence, D. M. and Hurtt, G. C. and Arneth, A. and Brovkin, V. and Calvin, K. V. and Jones, A. D. and Jones, C. D. and Lawrence, P. J. and de Noblet-Ducoudr\'e, N. and Pongratz, J. and Seneviratne, S. I. and Shevliakova, E.},
TITLE = {The Land Use Model Intercomparison Project (LUMIP) contribution to CMIP6:
rationale and experimental design},
JOURNAL = {Geoscientific Model Development},
VOLUME = {9},
YEAR = {2016},
NUMBER = {9},
PAGES = {2973--2998},
URL = {https://www.geosci-model-dev.net/9/2973/2016/},
DOI = {10.5194/gmd-9-2973-2016}
}

---OMIP
@Article{Griffies2016,
AUTHOR = {Griffies, S. M. and Danabasoglu, G. and Durack, P. J. and Adcroft, A. J. and Balaji, V. and B\"oning, C. W. and Chassignet, E. P. and Curchitser, E. and Deshayes, J. and Drange, H. and Fox-Kemper, B. and Gleckler, P. J. and Gregory, J. M. and Haak, H. and Hallberg, R. W. and Heimbach, P. and Hewitt, H. T. and Holland, D. M. and Ilyina, T. and Jungclaus, J. H. and Komuro, Y. and Krasting, J. P. and Large, W. G. and Marsland, S. J. and Masina, S. and McDougall, T. J. and Nurser, A. J. G. and Orr, J. C. and Pirani, A. and Qiao, F. and Stouffer, R. J. and Taylor, K. E. and Treguier, A. M. and Tsujino, H. and Uotila, P. and Valdivieso, M. and Wang, Q. and Winton, M. and Yeager, S. G.},
TITLE = {OMIP contribution to CMIP6: experimental and diagnostic
  protocol for the physical component of the Ocean Model
 Intercomparison Project},
JOURNAL = {Geoscientific Model Development},
VOLUME = {9},
YEAR = {2016},
NUMBER = {9},
PAGES = {3231--3296},
URL = {https://www.geosci-model-dev.net/9/3231/2016/},
DOI = {10.5194/gmd-9-3231-2016}
}

@Article{gmd-10-2169-2017,
AUTHOR = {Orr, J. C. and Najjar, R. G. and Aumont, O. and Bopp, L. and Bullister, J. L. and Danabasoglu, G. and Doney, S. C. and Dunne, J. P. and Dutay, J.-C. and Graven, H. and Griffies, S. M. and John, J. G. and Joos, F. and Levin, I. and Lindsay, K. and Matear, R. J. and McKinley, G. A. and Mouchet, A. and Oschlies, A. and Romanou, A. and Schlitzer, R. and Tagliabue, A. and Tanhua, T. and Yool, A.},
TITLE = {Biogeochemical protocols and diagnostics for the CMIP6 Ocean Model Intercomparison Project (OMIP)},
JOURNAL = {Geoscientific Model Development},
VOLUME = {10},
YEAR = {2017},
NUMBER = {6},
PAGES = {2169--2199},
URL = {https://www.geosci-model-dev.net/10/2169/2017/},
DOI = {10.5194/gmd-10-2169-2017}
}

---DynVar
@Article{Gerber2016,
AUTHOR = {Gerber, E. P. and Manzini, E.},
TITLE = {The Dynamics and Variability Model Intercomparison Project (DynVarMIP) for CMIP6: assessing the\hack{\break} stratosphere--troposphere system},
JOURNAL = {Geoscientific Model Development},
VOLUME = {9},
YEAR = {2016},
NUMBER = {9},
PAGES = {3413--3425},
URL = {https://www.geosci-model-dev.net/9/3413/2016/},
DOI = {10.5194/gmd-9-3413-2016}
}

---SIMIP
@Article{Notz2016,
AUTHOR = {Notz, D. and Jahn, A. and Holland, M. and Hunke, E. and Massonnet, F. and Stroeve, J. and Tremblay, B. and Vancoppenolle, M.},
TITLE = {The CMIP6 Sea-Ice Model Intercomparison Project (SIMIP): understanding sea ice through climate-model simulations},
JOURNAL = {Geoscientific Model Development},
VOLUME = {9},
YEAR = {2016},
NUMBER = {9},
PAGES = {3427--3446},
URL = {https://www.geosci-model-dev.net/9/3427/2016/},
DOI = {10.5194/gmd-9-3427-2016}
}

---RFMIP
@Article{Pincus2016,
AUTHOR = {Pincus, R. and Forster, P. M. and Stevens, B.},
TITLE = {The Radiative Forcing Model Intercomparison Project (RFMIP): experimental protocol for CMIP6},
JOURNAL = {Geoscientific Model Development},
VOLUME = {9},
YEAR = {2016},
NUMBER = {9},
PAGES = {3447--3460},
URL = {https://www.geosci-model-dev.net/9/3447/2016/},
DOI = {10.5194/gmd-9-3447-2016}
}

---ScenarioMIP
@Article{oneill2016,
AUTHOR = {O'Neill, B. C. and Tebaldi, C. and van Vuuren, D. P. and Eyring, V. and Friedlingstein, P. and Hurtt, G. and Knutti, R. and Kriegler, E. and Lamarque, J.-F. and Lowe, J. and Meehl, G. A. and Moss, R. and Riahi, K. and Sanderson, B. M.},
TITLE = {The Scenario Model Intercomparison Project (ScenarioMIP) for CMIP6},
JOURNAL = {Geoscientific Model Development},
VOLUME = {9},
YEAR = {2016},
NUMBER = {9},
PAGES = {3461--3482},
URL = {https://www.geosci-model-dev.net/9/3461/2016/},
DOI = {10.5194/gmd-9-3461-2016}
}

---VIACSAB
@Article{Ruane2016,
AUTHOR = {Ruane, A. C. and Teichmann, C. and Arnell, N. W. and Carter, T. R. and Ebi, K. L. and Frieler, K. and Goodess, C. M. and Hewitson, B. and Horton, R. and Kovats, R. S. and Lotze, H. K. and Mearns, L. O. and Navarra, A. and Ojima, D. S. and Riahi, K. and Rosenzweig, C. and Themessl, M. and Vincent, K.},
TITLE = {The Vulnerability, Impacts, Adaptation and Climate Services Advisory Board
(VIACS AB v1.0) contribution to CMIP6},
JOURNAL = {Geoscientific Model Development},
VOLUME = {9},
YEAR = {2016},
NUMBER = {9},
PAGES = {3493--3515},
URL = {https://www.geosci-model-dev.net/9/3493/2016/},
DOI = {10.5194/gmd-9-3493-2016}
}

---GMMIP
@Article{Zhou2016,
AUTHOR = {Zhou, T. and Turner, A. G. and Kinter, J. L. and Wang, B. and Qian, Y. and Chen, X. and Wu, B. and Wang, B. and Liu, B. and Zou, L. and He, B.},
TITLE = {GMMIP (v1.0) contribution to CMIP6: Global Monsoons Model Inter-comparison
Project},
JOURNAL = {Geoscientific Model Development},
VOLUME = {9},
YEAR = {2016},
NUMBER = {10},
PAGES = {3589--3604},
URL = {https://www.geosci-model-dev.net/9/3589/2016/},
DOI = {10.5194/gmd-9-3589-2016}
}

---DAMIP
@Article{Gillett2016,
AUTHOR = {Gillett, N. P. and Shiogama, H. and Funke, B. and Hegerl, G. and Knutti, R. and Matthes, K. and Santer, B. D. and Stone, D. and Tebaldi, C.},
TITLE = {The Detection and Attribution Model Intercomparison Project (DAMIP~v1.0)
contribution to CMIP6},
JOURNAL = {Geoscientific Model Development},
VOLUME = {9},
YEAR = {2016},
NUMBER = {10},
PAGES = {3685--3697},
URL = {https://www.geosci-model-dev.net/9/3685/2016/},
DOI = {10.5194/gmd-9-3685-2016}
}

---DCPP
@Article{Boer2016,
AUTHOR = {Boer, G. J. and Smith, D. M. and Cassou, C. and Doblas-Reyes, F. and Danabasoglu, G. and Kirtman, B. and Kushnir, Y. and Kimoto, M. and Meehl, G. A. and Msadek, R. and Mueller, W. A. and Taylor, K. E. and Zwiers, F. and Rixen, M. and Ruprich-Robert, Y. and Eade, R.},
TITLE = {The Decadal Climate Prediction Project (DCPP) contribution to CMIP6},
JOURNAL = {Geoscientific Model Development},
VOLUME = {9},
YEAR = {2016},
NUMBER = {10},
PAGES = {3751--3777},
URL = {https://www.geosci-model-dev.net/9/3751/2016/},
DOI = {10.5194/gmd-9-3751-2016}
}

---FAFMIP
@Article{Gregory2016,
AUTHOR = {Gregory, J. M. and Bouttes, N. and Griffies, S. M. and Haak, H. and Hurlin, W. J. and Jungclaus, J. and Kelley, M. and Lee, W. G. and Marshall, J. and Romanou, A. and Saenko, O. A. and Stammer, D. and Winton, M.},
TITLE = {The Flux-Anomaly-Forced Model Intercomparison Project (FAFMIP)
contribution to CMIP6: investigation of sea-level and ocean climate
change in response to CO$_{2}$ forcing},
JOURNAL = {Geoscientific Model Development},
VOLUME = {9},
YEAR = {2016},
NUMBER = {11},
PAGES = {3993--4017},
URL = {https://www.geosci-model-dev.net/9/3993/2016/},
DOI = {10.5194/gmd-9-3993-2016}
}

---CORDEX
@Article{Gutowski2016,
AUTHOR = {Gutowski Jr., W. J. and Giorgi, F. and Timbal, B. and Frigon, A. and Jacob, D. and Kang, H.-S. and Raghavan, K. and Lee, B. and Lennard, C. and Nikulin, G. and O'Rourke, E. and Rixen, M. and Solman, S. and Stephenson, T. and Tangang, F.},
TITLE = {WCRP COordinated Regional Downscaling EXperiment (CORDEX): a diagnostic MIP for CMIP6},
JOURNAL = {Geoscientific Model Development},
VOLUME = {9},
YEAR = {2016},
NUMBER = {11},
PAGES = {4087--4095},
URL = {https://www.geosci-model-dev.net/9/4087/2016/},
DOI = {10.5194/gmd-9-4087-2016}
}

---HighResMIP
@Article{Haarsma2016,
AUTHOR = {Haarsma, R. J. and Roberts, M. J. and Vidale, P. L. and Senior, C. A. and Bellucci, A. and Bao, Q. and Chang, P. and Corti, S. and Fu\v{c}kar, N. S. and Guemas, V. and von Hardenberg, J. and Hazeleger, W. and Kodama, C. and Koenigk, T. and Leung, L. R. and Lu, J. and Luo, J.-J. and Mao, J. and Mizielinski, M. S. and Mizuta, R. and Nobre, P. and Satoh, M. and Scoccimarro, E. and Semmler, T. and Small, J. and von Storch, J.-S.},
TITLE = {High Resolution Model Intercomparison Project (HighResMIP~v1.0) for CMIP6},
JOURNAL = {Geoscientific Model Development},
VOLUME = {9},
YEAR = {2016},
NUMBER = {11},
PAGES = {4185--4208},
URL = {https://www.geosci-model-dev.net/9/4185/2016/},
DOI = {10.5194/gmd-9-4185-2016}
}

---ISMIP6
@Article{Nowicki2016,
AUTHOR = {Nowicki, S. M. J. and Payne, A. and Larour, E. and Seroussi, H. and Goelzer, H. and Lipscomb, W. and Gregory, J. and Abe-Ouchi, A. and Shepherd, A.},
TITLE = {Ice Sheet Model Intercomparison Project (ISMIP6) contribution to CMIP6},
JOURNAL = {Geoscientific Model Development},
VOLUME = {9},
YEAR = {2016},
NUMBER = {12},
PAGES = {4521--4545},
URL = {https://www.geosci-model-dev.net/9/4521/2016/},
DOI = {10.5194/gmd-9-4521-2016}
}

---CDRMIP
@Article{Keller2018,
AUTHOR = {Keller, D. P. and Lenton, A. and Scott, V. and Vaughan, N. E. and Bauer, N. and Ji, D. and Jones, C. D. and Kravitz, B. and Muri, H. and Zickfeld, K.},
TITLE = {The Carbon Dioxide Removal Model Intercomparison Project (CDRMIP): rationale and experimental protocol for CMIP6},
JOURNAL = {Geoscientific Model Development},
VOLUME = {11},
YEAR = {2018},
NUMBER = {3},
PAGES = {1133--1160},
URL = {https://www.geosci-model-dev.net/11/1133/2018/},
DOI = {10.5194/gmd-11-1133-2018}
}

@Article{Balaji2018,
AUTHOR = {Balaji, V. and Taylor, K. E. and Juckes, M. and Lawrence, B. N. and Durack, P. J. and Lautenschlager, M. and Blanton, C. and Cinquini, L. and Denvil, S. and Elkington, M. and Guglielmo, F. and Guilyardi, E. and Hassell, D. and Kharin, S. and Kindermann, S. and Nikonov, S. and Radhakrishnan, A. and Stockhause, M. and Weigel, T. and Williams, D.},
TITLE = {Requirements for a global data infrastructure in support of CMIP6},
JOURNAL = {Geoscientific Model Development},
VOLUME = {11},
YEAR = {2018},
NUMBER = {9},
PAGES = {3659--3680},
URL = {https://www.geosci-model-dev.net/11/3659/2018/},
DOI = {10.5194/gmd-11-3659-2018}
}

@Article{Eyring2016,
AUTHOR = {Eyring, V. and Bony, S. and Meehl, G. A. and Senior, C. A. and Stevens, B. and Stouffer, R. J. and Taylor, K. E.},
TITLE = {Overview of the Coupled Model Intercomparison Project Phase 6 (CMIP6)
experimental design and organization},
JOURNAL = {Geoscientific Model Development},
VOLUME = {9},
YEAR = {2016},
NUMBER = {5},
PAGES = {1937--1958},
URL = {https://www.geosci-model-dev.net/9/1937/2016/},
DOI = {10.5194/gmd-9-1937-2016}
}

@Article{Gates1992,
author={Gates, W. Lawrence},
title={AMIP: The Atmospheric Model Intercomparison Project},
journal={Bulletin of the American Meteorological Society},
year={1992},
publisher={American Meteorological Society},
volume={73},
number={12},
pages={1962-1970},
doi={{10.1175/1520-0477(1992)073<1962:ATAMIP>2.0.CO;2}}
}

@INPROCEEDINGS{Williamsetal2015,
author={Williams, Dean N. and Lautenschlager, Michael and Balaji, Venkatramani and Cinquini, Luca and DeLuca, Cecilia and Denvil, Sebastien and Duffy, Daniel and Evans, Ben and Ferraro, Robert and Juckes, Martin and Trenham, Claire},
booktitle={Big Data (Big Data), 2015 IEEE International Conference on},
title={Strategie roadmap for the earth system grid federation},
year={2015},
pages={2182-2190},
keywords={Analytical models;Atmospheric modeling;Computational modeling;Data models;Earth;Meteorology;Numerical models},
doi={10.1109/BigData.2015.7364005},
month={Oct},}

@article{meehl2014climate,
  title={Climate model intercomparisons: preparing for the next phase},
  author={Meehl, Gerald and Moss, Richarch and Taylor, Karly and Eyring, Veronika and Bony, S and Stouffer, R and Stevens, Bj{\"o}rn},
  journal={EOS, Transactions of the American Geophysical Union},
  volume={95},
  pages={77--78},
  year={2014},
  doi={10.1002/2014EO090001},
  publisher={American Geophysical Union}
}

@article{eyring2015overview,
  title={Overview of the Coupled Model Intercomparison Project Phase 6 (CMIP6) experimental design and organisation},
  author={Eyring, V and Bony, S and Meehl, GA and Senior, C and Stevens, Bjorn and Stouffer, RJ and Taylor, KE},
  journal={Geoscientific Model Development Discussions},
  volume={8},
  number={12},
  pages={10539--10583},
  year={2015},
  publisher={Copernicus GmbH}
}

@Article{Taylor2011,
author={Taylor, Karl E. 
and Stouffer, Ronald J. 
and Meehl, Gerald A.},
title={An Overview of CMIP5 and the Experiment Design},
journal={Bulletin of the American Meteorological Society},
year={2011},
month={Oct},
day={07},
publisher={American Meteorological Society},
volume={93},
number={4},
pages={485-498},
abstract={The fifth phase of the Coupled Model Intercomparison Project (CMIP5) will produce a state-of-the- art multimodel dataset designed to advance our knowledge of climate variability and climate change. Researchers worldwide are analyzing the model output and will produce results likely to underlie the forthcoming Fifth Assessment Report by the Intergovernmental Panel on Climate Change. Unprecedented in scale and attracting interest from all major climate modeling groups, CMIP5 includes ?long term? simulations of twentieth-century climate and projections for the twenty-first century and beyond. Conventional atmosphere?ocean global climate models and Earth system models of intermediate complexity are for the first time being joined by more recently developed Earth system models under an experiment design that allows both types of models to be compared to observations on an equal footing. Besides the longterm experiments, CMIP5 calls for an entirely new suite of ?near term? simulations focusing on recent decades and the future to year 2035. These ?decadal predictions? are initialized based on observations and will be used to explore the predictability of climate and to assess the forecast system's predictive skill. The CMIP5 experiment design also allows for participation of stand-alone atmospheric models and includes a variety of idealized experiments that will improve understanding of the range of model responses found in the more complex and realistic simulations. An exceptionally comprehensive set of model output is being collected and made freely available to researchers through an integrated but distributed data archive. For researchers unfamiliar with climate models, the limitations of the models and experiment design are described.},
doi={10.1175/BAMS-D-11-00094.1}
}

@misc{xmlschema11-1,
  abstract = {This document specifies the XML Schema Definition Language, which offers facilities for describing the structure and constraining the contents of XML documents, including those which exploit the XML Namespace facility. The schema language, which is itself represented in an XML vocabulary and uses namespaces, substantially reconstructs and considerably extends the capabilities found in XML document type definitions (DTDs). This specification depends on XML Schema Definition Language 1.1 Part 2: Datatypes.},
  added-at = {2009-01-14T00:43:43.000+0100},
  author = {Gao, Shudi and Sperberg-McQueen, C. Michael and Thompson, Henry S. and Mendelsohn, Noah and Beech, David and Maloney, Murray},
  biburl = {http://www.bibsonomy.org/bibtex/26395cd21d58f2fdc69471badb759aa7a/dret},
  description = {dret'd bibliography},
  howpublished = {World Wide Web Consortium, Working Draft WD-xmlschema11-1-20080620},
  interhash = {01011eb10c828e42e1a444a4b2527567},
  intrahash = {6395cd21d58f2fdc69471badb759aa7a},
  keywords = {imported},
  month = {June},
  timestamp = {2009-01-14T00:44:08.000+0100},
  title = {W3C XML Schema Definition Language (XSD) 1.1 Part 1: Structures},
  topic = {xsd[1]},
  updates = {xmlschema11req},
  uri = {http://www.w3.org/TR/2008/WD-xmlschema11-1-20080620},
  year = 2008
}

%% https://tex.stackexchange.com/questions/203901/how-to-cite-iso-or-british-standards-in-latex-bibtex 
techreport{iso80000-4,
type = {Standard},
number = {EN ISO 80000-4:2019},
url = {https://www.iso.org/standard/64975.html},
  institution = {ISO},
  title = {Quantities and units - Part 3: Mechanics},
address = {Geneva, CH},
institution = {International Organization for Standardization},
  year = 2019
}

@techreport{iso80000-3,
type = {Standard},
number = {EN ISO 80000-3:2006},
url = {https://www.iso.org/standard/31888.html},
  institution = {ISO},
  title = {Quantities and units - Part 3: Space and Time},
address = {Geneva, CH},
institution = {International Organization for Standardization},
  year = 2006
}

@techreport{iso80000-1,
type = {Standard},
number = {EN ISO 80000-1:2013(E)},
url = {https://www.iso.org/standard/30669.html},
  institution = {ISO},
  title = {Quantities and units - Part 1: General},
address = {Geneva, CH},
institution = {International Organization for Standardization},
  year = 2011
}

@techreport{iso11179-1,
type = {Standard},
number = {ISO/IEC 11179-1:2015(E)},
url = {https://www.iso.org/standard/61932.html},
  institution = {ISO/IEC},
  title = {Information technology — Metadata registries (MDR): Part 1: Framework},
address = {Geneva, CH},
institution = {International Organization for Standardization},
  year = 2015
}

@techreport{iso38500,
type = {Standard},
number = {ISO/IEC 38500:2015},
url = {https://www.iso.org/standard/62816.html},
  institution = {ISO/IEC},
  title = {Information technology — Governance of IT for the organization},
address = {Geneva, CH},
institution = {International Organization for Standardization},
  year = 2015
}

@techreport{iso19508,
type = {Standard},
number = {ISO/IEC 19508:2014},
url = {https://www.iso.org/standard/61844.html},
  institution = {ISO/IEC},
  title = {Information technology — Object Management Group Meta Object Facility (MOF) Core},
address = {Geneva, CH},
institution = {International Organization for Standardization},
  year = 2014
}

@techreport{iso19135-1,
type = {Standard},
url = {https://www.iso.org/standard/54721.html},
number = {EN ISO 19135-1:2007},
  institution = {ISO},
  title = {Geographic information — Procedures for item registration Part 1: Fundamentals},
address = {Geneva, CH},
institution = {International Organization for Standardization},
  year = 2007
}

@techreport{iso19115-1,
type = {Standard},
number = {EN ISO 19115-1:2014+A1:2018(E)},
url = {https://www.iso.org/standard/53798.html},
  institution = {ISO},
  title = {Geographic information - Metadata Part 1: Fundamentals},
address = {Geneva, CH},
institution = {International Organization for Standardization},
  year = 2007
}

@techreport{ISO13586,
type = {Standard},
key = {ISO 13586:2000(E)},
month = mar,
year = {2000},
title = {{Plastics -- Determination of fracture toughness -- Linear elastic fracture mechanics ({LEFM}) approach}},
volume = {2000},
address = {Geneva, CH},
institution = {International Organization for Standardization}
}

@techreport{Bray2008,
  added-at = {2011-02-07T11:31:28.000+0100},
  author = {Bray, Tim and Paoli, Jean Paoli and Sperberg-McQueen, C.M. and Maler, Eve and Yergeau, François},
  biburl = {http://www.bibsonomy.org/bibtex/2de1c39976dfe035d8f7dc8cf87e5aabc/voj},
  edition = 5,
  institution = {W3C},
  interhash = {6fdc5298b68a89e0c674c1b28ca8ad68},
  intrahash = {de1c39976dfe035d8f7dc8cf87e5aabc},
  keywords = {specification xml},
  month = {11},
  timestamp = {2011-02-07T11:31:28.000+0100},
  title = {Extensible Markup Language {(XML)} 1.0},
  url = {http://www.w3.org/TR/2008/REC-xml-20081126/},
  year = 2008
}

@article {Lawrence2009,
	author = {Lawrence, B.N and Lowry, R and Miller, P and Snaith, H and Woolf, A},
	title = {Information in environmental data grids},
	volume = {367},
	number = {1890},
	pages = {1003--1014},
	year = {2009},
	doi = {10.1098/rsta.2008.0237},
	publisher = {The Royal Society},
	abstract = {Providing homogeneous access ({\textquoteleft}services{\textquoteright}) to heterogeneous environmental data distributed across heterogeneous computing systems on a wide area network requires a robust information paradigm that can mediate between differing storage and information formats. While there are a number of ISO standards that provide some guidance on how to do this, the information landscape within domains is not well described. In this paper, we present an information taxonomy and two information components, which have been built for a specific application. These two components, one to aid data understanding and the other to aid data manipulation, are both deployed in the UK NERC DataGrid as described elsewhere.},
	issn = {1364-503X},
	journal = {Philosophical Transactions of the Royal Society of London A: Mathematical, Physical and Engineering Sciences}
}
